[gd_scene load_steps=6 format=3 uid="uid://c2o7utkoxlcg2"]

[ext_resource type="Texture2D" uid="uid://g8npecswqrto" path="res://Assets/UI/Art/BackGround.png" id="1_1tprk"]
[ext_resource type="Script" path="res://Scenes/UIScenes/Settings.gd" id="1_ckloj"]
[ext_resource type="Texture2D" uid="uid://cgge4qoswlgev" path="res://Assets/UI/Buttons/blue_button03.png" id="2_d0mos"]
[ext_resource type="Texture2D" uid="uid://bhq1aknewlirm" path="res://Assets/UI/Buttons/blue_button05.png" id="3_8mm01"]
[ext_resource type="FontFile" uid="uid://ce0pk36t8xy66" path="res://Resources/Fonts/knf_40_o1.tres" id="5_g6if8"]

[node name="Settings" type="Control"]
layout_mode = 3
anchors_preset = 15
anchor_right = 1.0
anchor_bottom = 1.0
grow_horizontal = 2
grow_vertical = 2
script = ExtResource("1_ckloj")

[node name="B" type="TextureRect" parent="."]
layout_mode = 1
anchors_preset = 15
anchor_right = 1.0
anchor_bottom = 1.0
grow_horizontal = 2
grow_vertical = 2
texture = ExtResource("1_1tprk")
expand_mode = 1

[node name="M" type="MarginContainer" parent="."]
layout_mode = 1
anchors_preset = 15
anchor_right = 1.0
anchor_bottom = 1.0
grow_horizontal = 2
grow_vertical = 2
theme_override_constants/margin_left = 50
theme_override_constants/margin_top = 50
theme_override_constants/margin_right = 50
theme_override_constants/margin_bottom = 50

[node name="VB" type="VBoxContainer" parent="M"]
custom_minimum_size = Vector2(500, 0)
layout_mode = 2
size_flags_horizontal = 8
theme_override_constants/separation = 35
alignment = 1

[node name="Control" type="Control" parent="M/VB"]
custom_minimum_size = Vector2(0, 35)
layout_mode = 2

[node name="Control2" type="Control" parent="M/VB"]
custom_minimum_size = Vector2(0, 35)
layout_mode = 2

[node name="Control3" type="Control" parent="M/VB"]
custom_minimum_size = Vector2(0, 35)
layout_mode = 2

[node name="Control4" type="Control" parent="M/VB"]
custom_minimum_size = Vector2(0, 35)
layout_mode = 2

[node name="Control5" type="Control" parent="M/VB"]
custom_minimum_size = Vector2(0, 35)
layout_mode = 2

[node name="Control6" type="Control" parent="M/VB"]
custom_minimum_size = Vector2(0, 35)
layout_mode = 2

[node name="Control7" type="Control" parent="M/VB"]
custom_minimum_size = Vector2(0, 35)
layout_mode = 2

[node name="MainMenu" type="TextureButton" parent="M/VB"]
custom_minimum_size = Vector2(350, 75)
layout_mode = 2
size_flags_horizontal = 4
texture_normal = ExtResource("2_d0mos")
texture_pressed = ExtResource("3_8mm01")
stretch_mode = 0

[node name="Label" type="Label" parent="M/VB/MainMenu"]
layout_mode = 1
anchors_preset = 15
anchor_right = 1.0
anchor_bottom = 1.0
grow_horizontal = 2
grow_vertical = 2
theme_override_colors/font_shadow_color = Color(0, 0, 0, 0.705882)
theme_override_colors/font_outline_color = Color(0, 0, 0, 0.235294)
theme_override_constants/outline_size = 5
theme_override_fonts/font = ExtResource("5_g6if8")
theme_override_font_sizes/font_size = 40
text = "Main Menu"
horizontal_alignment = 1
vertical_alignment = 1

[connection signal="pressed" from="M/VB/MainMenu" to="." method="_on_main_menu_pressed"]
